<record><leader>00000cas a22000007a 4500</leader><controlfield tag="001">25557516</controlfield><controlfield tag="008">920330d18641864ncuwr ne      0    0eng d</controlfield><controlfield tag="009">13381</controlfield><datafield ind1=" " ind2=" " tag="010"><subfield code="a">sn 92072982 </subfield></datafield><datafield ind1=" " ind2=" " tag="040"><subfield code="a">NVJ</subfield><subfield code="b">eng</subfield><subfield code="c">NVJ</subfield><subfield code="d">CNW</subfield><subfield code="d">FUG</subfield><subfield code="d">NVK</subfield><subfield code="d">NVJ</subfield><subfield code="d">OCL</subfield><subfield code="d">DLC</subfield><subfield code="d">OCLCF</subfield></datafield><datafield ind1="1" ind2=" " tag="029"><subfield code="a">AU@</subfield><subfield code="b">000020229584</subfield></datafield><datafield ind1=" " ind2=" " tag="042"><subfield code="a">msc</subfield></datafield><datafield ind1=" " ind2=" " tag="043"><subfield code="a">n-us-nc</subfield></datafield><datafield ind1="0" ind2="0" tag="050"><subfield code="a">Newspaper</subfield></datafield><datafield ind1="0" ind2=" " tag="130"><subfield code="a">Mercury (Raleigh, N.C.)</subfield></datafield><datafield ind1="1" ind2="4" tag="245"><subfield code="a">The Mercury.</subfield></datafield><datafield ind1="1" ind2="7" tag="246"><subfield code="a">Illustrated Mercury</subfield></datafield><datafield ind1=" " ind2=" " tag="260"><subfield code="a">Raleigh, N.C. :</subfield><subfield code="b">W.B. Smith &amp; Co.,</subfield><subfield code="c">1864.</subfield></datafield><datafield ind1=" " ind2=" " tag="300"><subfield code="a">v. :</subfield><subfield code="b">ill.</subfield></datafield><datafield ind1=" " ind2=" " tag="310"><subfield code="a">Weekly</subfield></datafield><datafield ind1="0" ind2=" " tag="362"><subfield code="a">Vol. 4, no. 1 (Apr. 30, 1864)-v. 4, no. 27 (Oct. 29, 1864).</subfield></datafield><datafield ind1=" " ind2=" " tag="530"><subfield code="a">Available on microfilm from North Carolina Department of Archives and History, Raleigh.</subfield></datafield><datafield ind1=" " ind2="0" tag="651"><subfield code="a">Raleigh (N.C.)</subfield><subfield code="v">Newspapers.</subfield></datafield><datafield ind1=" " ind2="0" tag="651"><subfield code="a">Wake County (N.C.)</subfield><subfield code="v">Newspapers.</subfield></datafield><datafield ind1=" " ind2="7" tag="655"><subfield code="a">Newspapers.</subfield><subfield code="2">fast</subfield><subfield code="0">(OCoLC)fst01423814</subfield></datafield><datafield ind1=" " ind2="7" tag="651"><subfield code="a">North Carolina</subfield><subfield code="z">Raleigh.</subfield><subfield code="2">fast</subfield><subfield code="0">(OCoLC)fst01206341</subfield></datafield><datafield ind1=" " ind2="7" tag="651"><subfield code="a">North Carolina</subfield><subfield code="z">Wake County.</subfield><subfield code="2">fast</subfield><subfield code="0">(OCoLC)fst01204274</subfield></datafield><datafield ind1=" " ind2=" " tag="752"><subfield code="a">United States</subfield><subfield code="b">North Carolina</subfield><subfield code="c">Wake</subfield><subfield code="d">Raleigh.</subfield></datafield><datafield ind1="0" ind2="0" tag="780"><subfield code="t">Tarboro mercury</subfield><subfield code="w">(DLC)sn 92073905</subfield></datafield><datafield ind1="0" ind2="7" tag="785"><subfield code="t">Southern field and fireside (Augusta, Ga. : 1859)</subfield><subfield code="w">(DLC)sn 90065032</subfield></datafield><datafield ind1="0" ind2="7" tag="785"><subfield code="t">Southern field and fireside (Raleigh, N.C. : 1864)</subfield><subfield code="w">(DLC)sn 84026582</subfield></datafield></record>